@misc{snowden,
howpublished = "\url{http://en.wikipedia.org/wiki/2013_global_surveillance_disclosures}",
title = "2013 Global Surveillance Disclosures, wikipedia",
key = "1",
}

@misc{s3-sla,
howpublished = "\url{http://aws.amazon.com/s3-sla/}",
title = "Amazon S3 Service Level agreement",
key = "2",
}

@misc{s3-access-control,
howpublished = "\url{http://docs.aws.amazon.com/AmazonS3/latest/dev/UsingAuthAccess.html}",
title = "Amazon S3 access control",
key = "3",
}
	
